This file was created with JabRef 2.1 beta 2.
Encoding: GB2312

@article{czaplicki2012elm,
  title={Elm: Concurrent FRP for Functional GUIs},
  author={Czaplicki, Evan},
  year={2012}
}

@inproceedings{wan2000functional,
  title={Functional reactive programming from first principles},
  author={Wan, Zhanyong and Hudak, Paul},
  booktitle={ACM SIGPLAN Notices},
  volume={35},
  number={5},
  pages={242--252},
  year={2000},
  organization={ACM}
}

@article{amsden2012push,
  title={Push-Based Signal-Function Functional Reactive Programming},
  author={Amsden, Edward},
  year={2012}
}

@incollection{hudak1999functional,
  title={Functional reactive programming},
  author={Hudak, Paul},
  booktitle={Programming Languages and Systems},
  pages={1--1},
  year={1999},
  publisher={Springer}
}

@article{acar2006adaptive,
  title={Adaptive functional programming},
  author={Acar, Umut A and Blelloch, Guy E and Harper, Robert},
  journal={ACM Transactions on Programming Languages and Systems (TOPLAS)},
  volume={28},
  number={6},
  pages={990--1034},
  year={2006},
  publisher={ACM}
}

@incollection{courtney2001frappe,
  title={Frapp{\'e}: Functional reactive programming in Java},
  author={Courtney, Antony},
  booktitle={Practical Aspects of Declarative Languages},
  pages={29--44},
  year={2001},
  publisher={Springer}
}

@article{erich1995design,
  title={Design patterns: elements of reusable object-oriented software},
  author={Erich, Gamma and Richard, Helm and Ralph, Johnson and John, Vlissides},
  journal={Reading: Addison Wesley Publishing Company},
  year={1995}
}

@book{buck2010cocoa,
  title={Cocoa Design Patterns},
  author={Buck, Erik M and Yacktman, Donald A},
  year={2010},
  publisher={Addison-Wesley Professional}
}

@book{kochan2011programming,
  title={Programming in Objective-C},
  author={Kochan, Stephen G},
  year={2011},
  publisher={Addison-Wesley Professional}
}

@article{devoe2011understanding,
  title={Understanding Objective-C Memory Management},
  author={DeVoe, Jiva},
  journal={Objective-C},
  pages={109--136},
  year={2011},
  publisher={Wiley Online Library}
}

@book{hillegass2011cocoa,
  title={Cocoa programming for Mac OS X},
  author={Hillegass, Aaron and Preble, Adam},
  year={2011},
  publisher={Addison-Wesley Professional}
}

@article{west2010browsing,
  title={Browsing as the killer app: Explaining the rapid success of Apple's iPhone},
  author={West, Joel and Mace, Michael},
  journal={Telecommunications Policy},
  volume={34},
  number={5},
  pages={270--286},
  year={2010},
  publisher={Elsevier}
}

@book{lamarche2008beginning,
  title={Beginning iPhone development: exploring the iPhone SDK},
  author={LaMarche, Jeff and Mark, Dave},
  year={2008},
  publisher={Apress}
}

@article{goggin2009adapting,
  title={Adapting the mobile phone: The iPhone and its consumption},
  author={Goggin, Gerard},
  journal={Continuum: Journal of Media \& Cultural Studies},
  volume={23},
  number={2},
  pages={231--244},
  year={2009},
  publisher={Taylor \& Francis}
}

@inproceedings{goadrich2011smart,
  title={Smart smartphone development: iOS versus Android},
  author={Goadrich, Mark H and Rogers, Michael P},
  booktitle={Proceedings of the 42nd ACM technical symposium on Computer science education},
  pages={607--612},
  year={2011},
  organization={ACM}
}

@article{kim2007value,
  title={Value-based adoption of mobile internet: an empirical investigation},
  author={Kim, Hee-Woong and Chan, Hock Chuan and Gupta, Sumeet},
  journal={Decision Support Systems},
  volume={43},
  number={1},
  pages={111--126},
  year={2007},
  publisher={Elsevier}
}

@inproceedings{chun2009augmented,
  title={Augmented smartphone applications through clone cloud execution},
  author={Chun, Byung-Gon and Maniatis, Petros},
  booktitle={Proceedings of the 12th conference on Hot topics in operating systems},
  pages={8--8},
  year={2009},
  organization={USENIX Association}
}

@article{park2007acceptance,
  title={Acceptance and adoption of the innovative use of smartphone},
  author={Park, Yangil and Chen, Jengchung V},
  journal={Industrial Management \& Data Systems},
  volume={107},
  number={9},
  pages={1349--1365},
  year={2007},
  publisher={Emerald Group Publishing Limited}
}

@article{chisnall2009modern,
  title={A modern objective-c runtime},
  author={Chisnall, David},
  journal={Journal of Object Technology},
  volume={8},
  number={1},
  pages={221--240},
  year={2009}
}
